https://cyberleninka.ru/article/n/sravnitelnyy-analiz-populyarnyh-sistem-monitoringa-setevogo-oborudovaniya-rasprostranyaemyh-po-litsenzii-gpl
@article{sravnitelnyy-analiz-populyarnyh-sistem-monitoringa-setevogo-oborudovaniya-rasprostranyaemyh-po-litsenzii-gpl,
  author  = {Шардаков К.С.},
  journal = {Интеллектуальные технологии на транспорте},
  number  = {1 (13)},
  title   = {Сравнительный анализ популярных систем мониторинга сетевого оборудования, распространяемых по лицензии GPL},
  volume  = {},
  year    = {2018}
}

https://cyberleninka.ru/article/n/sistemy-monitoringa-oborudovaniya
@article{sistemy-monitoringa-oborudovaniya,
  author  = {Лазарева Н. Б., Горбачев К. А.},
  journal = {E-Scio},
  number  = {2 (41)},
  title   = {Системы мониторинга оборудования},
  volume  = {},
  year    = {2020}
}

https://cyberleninka.ru/article/n/zabbix-dlya-monitoringa-v-it-infrastrukture
@article{zabbix-dlya-monitoringa-v-it-infrastrukture,
  author  = {Смушкин В.А.},
  journal = {Форум молодых ученых},
  number  = {4 (32)},
  title   = {ZABBIX ДЛЯ МОНИТОРИНГА В IT-ИНФРАСТРУКТУРE},
  volume  = {},
  year    = {2019}
}

https://cyberleninka.ru/article/n/optimalnyy-vybor-sistemy-monitoringa-dlya-razlichnyh-tipov-it-infrastruktur
@article{optimalnyy-vybor-sistemy-monitoringa-dlya-razlichnyh-tipov-it-infrastruktur,
  author  = {Лазарева Н.Б.},
  journal = {Инженерный вестник Дона},
  number  = {4 (88)},
  title   = {ОПТИМАЛЬНЫЙ ВЫБОР СИСТЕМЫ МОНИТОРИНГА ДЛЯ РАЗЛИЧНЫХ ТИПОВ ИТ-ИНФРАСТРУКТУР},
  volume  = {},
  year    = {2022}
}

https://cyberleninka.ru/article/n/obzor-utilit-monitoringa-linux-sistem
@article{obzor-utilit-monitoringa-linux-sistem,
  author  = {Стефанова И. А., Пестов А.А.},
  journal = {StudNet},
  number  = {6},
  title   = {ОБЗОР УТИЛИТ МОНИТОРИНГА LINUX СИСТЕМ},
  volume  = {},
  year    = {2022}
}

https://cyberleninka.ru/article/n/sistemy-monitoringa-obzor-i-sravnenie
@article{sistemy-monitoringa-obzor-i-sravnenie,
  author  = {Федорова Л. М.},
  journal = {Вестник науки и образования},
  number  = {10-4 (88)},
  title   = {Системы мониторинга. Обзор и сравнение},
  volume  = {},
  year    = {2020}
}

https://cyberleninka.ru/article/n/postroenie-otkazoustoychivoy-infrastruktury-saas-servisa
@article{postroenie-otkazoustoychivoy-infrastruktury-saas-servisa,
  author  = {Зотов С. В.},
  journal = {JSRP},
  number  = {3 (41)},
  title   = {Построение отказоустойчивой инфраструктуры SaaS-сервиса},
  volume  = {},
  year    = {2017}
}

https://cyberleninka.ru/article/n/monitoring-virtualnoy-vychislitelnoy-sistemy
@article{monitoring-virtualnoy-vychislitelnoy-sistemy,
  author  = {Горбачевская Е. Н., Марфин С. Г.},
  journal = {Вестник ВУиТ},
  number  = {16},
  title   = {Мониторинг виртуальной вычислительной системы},
  volume  = {},
  year    = {2010}
}

https://cyberleninka.ru/article/n/model-deyatelnosti-administratora-infokommunikatsionnoy-infrastruktury-organizatsii
@article{model-deyatelnosti-administratora-infokommunikatsionnoy-infrastruktury-organizatsii,
  author  = {Хартьян Д. Ю., Шапцев В. А.},
  journal = {ВК},
  number  = {4},
  title   = {МОДЕЛЬ ДЕЯТЕЛЬНОСТИ АДМИНИСТРАТОРА ИНФОКОММУНИКАЦИОННОЙ ИНФРАСТРУКТУРЫ ОРГАНИЗАЦИИ},
  volume  = {},
  year    = {2005}
}

https://cyberleninka.ru/article/n/razrabotka-sistemy-monitoringa-dlya-servernogo-prilozheniya
@article{razrabotka-sistemy-monitoringa-dlya-servernogo-prilozheniya,
  author  = {Королев Д. В. },
  journal = {International Journal of Open Information Technologies},
  number  = {8},
  title   = {РАЗРАБОТКА СИСТЕМЫ МОНИТОРИНГА ДЛЯ СЕРВЕРНОГО ПРИЛОЖЕНИЯ},
  volume  = {},
  year    = {2023}
}
% [и др.\]

https://cyberleninka.ru/article/n/primenenie-steka-tehnologiy-elk-dlya-sbora-i-analiza-sistemnyh-zhurnalov-sobytiy
@article{primenenie-steka-tehnologiy-elk-dlya-sbora-i-analiza-sistemnyh-zhurnalov-sobytiy,
  author  = {Балашов Н. А.},
  journal = {Современные информационные технологии и ИТ-образование},
  number  = {1},
  title   = {ПРИМЕНЕНИЕ СТЕКА ТЕХНОЛОГИЙ ELK ДЛЯ СБОРА И АНАЛИЗА СИСТЕМНЫХ ЖУРНАЛОВ СОБЫТИЙ},
  volume  = {},
  year    = {2021}
}
% [и др.]

https://cyberleninka.ru/article/n/monitoring-i-poisk-neispravnostey-v-raspredelyonnyh-vysokonagruzhennyh-sistemah
@article{monitoring-i-poisk-neispravnostey-v-raspredelyonnyh-vysokonagruzhennyh-sistemah,
  author  = {Рудометкин В. А.},
  journal = {Кибернетика и программирование},
  number  = {2},
  title   = {МОНИТОРИНГ И ПОИСК НЕИСПРАВНОСТЕЙ В РАСПРЕДЕЛЁННЫХ ВЫСОКОНАГРУЖЕННЫХ СИСТЕМАХ},
  volume  = {},
  year    = {2020}
}

@online{programma-monitoringa-struktura-funkcii-preimushhestva,
    title        = {Программа мониторинга: структура, функции, преимущества [Электронный ресурс]},
    url          = {https://uchet-jkh.ru/i/programma-monitoringa-struktura-funkcii-preimushhestva/},
    urldate      = {25.12.2023}
}

@online{it-monitoring,
    title        = {Introduction to IT Monitoring [Электронный ресурс]},
    url          = {https://www.bmc.com/blogs/it-monitoring/},
    urldate      = {25.12.2023}
}

@online{habr-705464,
    title        = {Сравниваем инструменты мониторинга IT-инфраструктуры Zabbix, Icinga, Prometheus [Электронный ресурс]},
    url          = {https://habr.com/ru/companies/serverspace/articles/705464/},
    urldate      = {25.12.2023}
}

@online{habr-709204,
    title        = {Основы мониторинга (обзор Prometheus и Grafana) [Электронный ресурс]},
    url          = {https://habr.com/ru/articles/709204/},
    urldate      = {25.12.2023}
}

@online{habr-350200,
    title        = {Организация системы мониторинга [Электронный ресурс]},
    url          = {https://habr.com/ru/companies/itsumma/articles/350200/},
    urldate      = {25.12.2023}
}



https://cyberleninka.ru/article/n/analiz-suschestvuyuschih-sredstv-po-resheniyu-zadachi-monitoringa-setevoy-infrastruktury-predpriyatiya
@article{instrumentmonitoring,
  author  = {Верещагина Е.А., Рудниченко А.К.},
  journal = {Инженерный вестник Дона},
  number  = {1 (97)},
  title   = {АНАЛИЗ СУЩЕСТВУЮЩИХ СРЕДСТВ ПО РЕШЕНИЮ ЗАДАЧИ МОНИТОРИНГА СЕТЕВОЙ ИНФРАСТРУКТУРЫ ПРЕДПРИЯТИЯ},
  volume  = {},
  year    = {2023}
}

@article{8807263,
  author={Zou, Zhuping and Xie, Yulai and Huang, Kai and Xu, Gongming and Feng, Dan and Long, Darrell},
  journal={IEEE Transactions on Cloud Computing}, 
  title={A Docker Container Anomaly Monitoring System Based on Optimized Isolation Forest}, 
  year={2022},
  volume={10},
  number={1},
  pages={134-145},
  doi={10.1109/TCC.2019.2935724}
}

@INPROCEEDINGS{8745151,
  author={Zamfir, Vlad-Andrei and Carabas, Mihai and Carabas, Costin and Tapus, Nicolae},
  booktitle={2019 22nd International Conference on Control Systems and Computer Science (CSCS)}, 
  title={Systems Monitoring and Big Data Analysis Using the Elasticsearch System}, 
  year={2019},
  volume={},
  number={},
  pages={188-193},
  doi={10.1109/CSCS.2019.00039}
}

@article{Roeslan_Djutalov_Sholahuddin_2023, 
  title={Implementasi Zabbix: Pemantauan Perangkat Security System di Data Center BDx dengan Metode Scrum}, 
  volume={1}, 
  url={https://jurnalmahasiswa.com/index.php/biikma/article/view/702}, 
  number={4}, 
  journal={Buletin Ilmiah Ilmu Komputer dan Multimedia (BIIKMA)}, 
  author={Roeslan Djutalov and Sholahuddin}, 
  year={2023}, 
  month={Dec.},
  pages={539–554} 
}

@book{barth2008nagios,
  title={Nagios, 2nd Edition: System and Network Monitoring},
  author={Barth, W.},
  isbn={9781593272296},
  year={2008},
  publisher={No Starch Press}
}
% url={https://books.google.ru/books?id=QgYvDwAAQBAJ},
  

@article{10.1145/3178368.3178371,
  author = {Schlossnagle, Theo},
  title = {Monitoring in a DevOps World: Perfect should never be the enemy of better.},
  year = {2017},
  publisher = {Association for Computing Machinery},
  volume = {15},
  number = {6},
  issn = {1542-7730},
  doi = {10.1145/3178368.3178371},
  journal = {Queue},
  month = {dec},
  pages = {35–45},
}

@INPROCEEDINGS{9377303,
  author={Novotný, Vít and Sysel, Petr and Přinosil, Jiří and Mekyska, Jiří and Slavíček, Karel and Lattenberg, Ivo},
  booktitle={2021 IEEE 17th International Colloquium on Signal Processing & Its Applications (CSPA)}, 
  title={Critical Infrastructure Monitoring System}, 
  year={2021},
  volume={},
  number={},
  pages={165-170},
  doi={10.1109/CSPA52141.2021.9377303}}

@ARTICLE{244791,
  author={Mansouri-Samani, M. and Sloman, M.},
  journal={IEEE Network}, 
  title={Monitoring distributed systems}, 
  year={1993},
  volume={7},
  number={6},
  pages={20-30},
  doi={10.1109/65.244791}}


@book{markina,
  author         = {Маркина Т.А., Пенской А.В., Штенников Д.Г.},
  publisher      = {СПб:Университет ИТМО},
  title          = {Производственная практика магистрантов: организация и проведение},
  year           = {2020},
  pages          = {50},
}